Automatically generated by Mendeley 1.9.1
Any changes to this file will be lost if it is regenerated by Mendeley.

@book{swebook,
address = {Piscataway, NJ, USA},
author = {Scott, J.A. and Nisse, D},
booktitle = {Guide to the Software Engineering Body of Knowledge},
isbn = {0769510000},
publisher = {IEEE Press},
title = {{Software configuration management}},
url = {http://www.computer.org/portal/web/swebok/html/ch7},
year = {2001}
}
@misc{Chong2006a,
annote = {SaaS is about selling to customer who else wouldn't buy the software because they can not afford to deploy it in their own infrastructure

        
Shared services layer for SaaS hosting is mentioned

        
Metdata Services:
- User Interface and Branding
- Workflow and Business rules
- Extensions to the data model
- Access control},
author = {Chong, Frederick and Carraro, Gianpaolo and {Microsoft Corporation}},
booktitle = {MSDN Library},
file = {:Users/maxs/Library/Application Support/Mendeley Desktop/Downloaded/e6079db3f88752629531ae28dce79f5a22fde204.html:html},
title = {{Architecture Strategies for Catching the Long Tail}},
url = {http://msdn.microsoft.com/en-us/library/aa479069.aspx},
urldate = {2012-04-22},
year = {2006}
}
@article{Bezemer2010,
annote = {Delft},
author = {Bezemer, Cor-Paul and Zaidman, Andy},
file = {:Users/maxs/Library/Application Support/Mendeley Desktop/Downloaded/ddc42fad795577dc8c36746bb843d1a69812ba53.pdf:pdf},
journal = {Proceedings of the Joint ERCIM Workshop on Software Evolution EVOL and International Workshop on Principles of Software Evolution IWPSE},
pages = {88--92},
title = {{Multi-Tenant SaaS Applications: Maintenance Dream or Nightmare?}},
url = {http://dl.acm.org/citation.cfm?id=1862393},
year = {2010}
}
