Automatically generated by Mendeley 1.9.1
Any changes to this file will be lost if it is regenerated by Mendeley.

@misc{Chong2006a,
annote = {SaaS is about selling to customer who else wouldn't buy the software because they can not afford to deploy it in their own infrastructure
        
Shared services layer for SaaS hosting is mentioned
        
Metdata Services:
- User Interface and Branding
- Workflow and Business rules
- Extensions to the data model
- Access control},
author = {Chong, Frederick and Carraro, Gianpaolo and {Microsoft Corporation}},
booktitle = {MSDN Library},
file = {::},
title = {{Architecture Strategies for Catching the Long Tail}},
url = {http://msdn.microsoft.com/en-us/library/aa479069.aspx},
urldate = {2012-04-22},
year = {2006}
}
@book{swebook,
address = {Piscataway, NJ, USA},
author = {Scott, J.A. and Nisse, D},
booktitle = {Guide to the Software Engineering Body of Knowledge},
isbn = {0769510000},
publisher = {IEEE Press},
title = {{Software configuration management}},
url = {http://www.computer.org/portal/web/swebok/html/ch7},
year = {2001}
}
@article{Ju2012,
annote = {proposes that acquiring new tenants is an optimization problem:
increased revenue VS. development costs
ignores maintenance costs and versioning},
author = {Ju, Lei},
doi = {10.1109/ICWS.2012.43},
file = {::},
isbn = {978-1-4673-2131-0},
journal = {2012 IEEE 19th International Conference on Web Services},
month = jun,
pages = {415--422},
publisher = {Ieee},
title = {{Tenant Onboarding in Evolving Multi-tenant Software-as-a-Service Systems}},
url = {http://ieeexplore.ieee.org/lpdocs/epic03/wrapper.htm?arnumber=6257835},
year = {2012}
}
@article{Bezemer2010,
annote = {Delft},
author = {Bezemer, Cor-Paul and Zaidman, Andy},
file = {:Users/johan/Library/Application Support/Mendeley Desktop/Downloaded/Bezemer, Zaidman - 2010 - Multi-tenant SaaS applications maintenance dream or nightmare(2).pdf:pdf},
journal = {Proceedings of the Joint ERCIM Workshop on Software Evolution EVOL and International Workshop on Principles of Software Evolution IWPSE},
pages = {88--92},
title = {{Multi-Tenant SaaS Applications: Maintenance Dream or Nightmare?}},
url = {http://dl.acm.org/citation.cfm?id=1862393},
year = {2010}
}
@article{Weissman2009,
address = {New York, New York, USA},
author = {Weissman, Craig D. and Bobrowski, Steve},
doi = {10.1145/1559845.1559942},
file = {:Users/johan/Dropbox/SAAS/salesforce-p889-weissman-1.pdf:pdf},
isbn = {9781605585512},
journal = {Proceedings of the 35th SIGMOD international conference on Management of data - SIGMOD '09},
keywords = {a multitenant application shares,a single stack of,domain specific,figure 1,flex schema,language,multi-tenancy,object-relational mapping,query optimization},
pages = {889},
publisher = {ACM Press},
title = {{The design of the force.com multitenant internet application development platform}},
url = {http://portal.acm.org/citation.cfm?doid=1559845.1559942},
year = {2009}
}
@article{Aulbach2011,
author = {Aulbach, Stefan and Seibold, Michael and Jacobs, Dean and Kemper, Alfons},
doi = {10.1109/ICDE.2011.5767872},
file = {:Users/johan/Dropbox/SAAS/sap-extensibile-schema.pdf:pdf},
isbn = {978-1-4244-8959-6},
journal = {2011 IEEE 27th International Conference on Data Engineering},
keywords = {[Electronic Manuscript],database,versioning},
mendeley-tags = {database,versioning},
month = apr,
pages = {99--110},
publisher = {Ieee},
title = {{Extensibility and Data Sharing in evolving multi-tenant databases}},
url = {http://ieeexplore.ieee.org/lpdocs/epic03/wrapper.htm?arnumber=5767872},
year = {2011}
}
@article{Yaish2011,
annote = {Mostly referential to the Aulbach/Kemper SAP papers. Okay graphics. Core idea looks too complex and bad to index},
author = {Yaish, Haitham and Goyal, Madhu and Feuerlicht, George},
doi = {10.1109/DASC.2011.127},
file = {:Users/johan/Dropbox/SAAS/4612a737.pdf:pdf},
isbn = {978-1-4673-0006-3},
journal = {2011 IEEE Ninth International Conference on Dependable, Autonomic and Secure Computing},
keywords = {- software as a,allows saas vendors to,application,characteristic of saas,configurability,customization,extension,it,metadata,multi-,multi-tenancy,multi-tenancy is the primary,run a single instance,schema,service,tenant database schema},
mendeley-tags = {customization,extension,schema},
month = dec,
pages = {737--743},
publisher = {Ieee},
title = {{An Elastic Multi-tenant Database Schema for Software as a Service}},
url = {http://ieeexplore.ieee.org/lpdocs/epic03/wrapper.htm?arnumber=6118909},
year = {2011}
}
